@article{Cohen-Or1997,
author = {Cohen-Or, D and Kaufman, Arie},
file = {:private/var/folders/l9/vwg1l39977d4bkxcggzj17300000gn/T/WebKitPDFs-68EUGm/file.pdf:pdf},
journal = {Computer Graphics and Applications \ldots},
number = {December},
pages = {80--87},
title = {{3D line voxelization and connectivity control}},
url = {http://ieeexplore.ieee.org/xpls/abs\_all.jsp?arnumber=626973},
year = {1997}
}
@article{Laine2013,
author = {Laine, Samuli},
doi = {10.1111/cgf.12153},
file = {:private/var/folders/l9/vwg1l39977d4bkxcggzj17300000gn/T/WebKitPDFs-68EUGm/laine2013egsr\_paper.pdf:pdf},
issn = {01677055},
journal = {Computer Graphics Forum},
month = jul,
number = {4},
pages = {77--86},
title = {{A Topological Approach to Voxelization}},
url = {http://doi.wiley.com/10.1111/cgf.12153},
volume = {32},
year = {2013}
}
@article{Schwarz2010,
author = {Schwarz, Michael and Seidel, HP},
file = {:private/var/folders/l9/vwg1l39977d4bkxcggzj17300000gn/T/WebKitPDFs-68EUGm/vox-siga10.pdf:pdf},
journal = {ACM Transactions on Graphics (TOG)},
keywords = {and surface complexity,data structure creation,domains as di-,gpu computing,independent from object,o ff ering a,octree,overlap testing,parallel,regular representation that is,voxelization,voxelizations are used in},
title = {{Fast parallel surface and solid voxelization on GPUs}},
url = {http://dl.acm.org/citation.cfm?id=1866201},
year = {2010}
}
